<?xml version="1.0" encoding="UTF-8"?><collection xmlns="http://www.loc.gov/MARC21/slim"><record><leader>00378nam--2200133-i-4500</leader><controlfield tag="001">000036542</controlfield><controlfield tag="002">20161230</controlfield><controlfield tag="005">20170222000754</controlfield><controlfield tag="008">060222s1000------------r-----000-0-eng-d</controlfield><datafield ind1=" " ind2=" " tag="245"><subfield code="a">Polymers. Properties and applications. 1.esr spectroscopy in polymer research</subfield></datafield><datafield ind1=" " ind2=" " tag="260"><subfield code="a">Berlin</subfield><subfield code="b">Springer-Verlag</subfield><subfield code="c">1977</subfield></datafield><datafield ind1=" " ind2=" " tag="700"><subfield code="a">Rabek, Jan F</subfield></datafield><datafield ind1=" " ind2=" " tag="852"><subfield code="a">77495</subfield></datafield><datafield ind1=" " ind2=" " tag="CAT"><subfield code="a">SYS</subfield><subfield code="c">20170222</subfield><subfield code="h">000754</subfield></datafield></record></collection>